@book{DBLP:books/daglib/0005958,
  author       = {Benjamin C. Pierce},
  title        = {Types and programming languages},
  publisher    = {{MIT} Press},
  year         = {2002},
  isbn         = {978-0-262-16209-8},
  timestamp    = {Thu, 03 Feb 2011 10:51:35 +0100},
  biburl       = {https://dblp.org/rec/books/daglib/0005958.bib},
  bibsource    = {dblp computer science bibliography, https://dblp.org}
}
@book{DBLP:books/cu/Ha2016,
  author       = {Robert Harper},
  title        = {Practical Foundations for Programming Languages (2nd. Ed.)},
  publisher    = {Cambridge University Press},
  year         = {2016},
  url          = {https://www.cs.cmu.edu/\%7Erwh/pfpl/index.html},
  isbn         = {9781107150300},
  timestamp    = {Fri, 22 May 2020 12:35:11 +0200},
  biburl       = {https://dblp.org/rec/books/cu/Ha2016.bib},
  bibsource    = {dblp computer science bibliography, https://dblp.org}
}
@book{Pierce:SF1,
    author       =   {Benjamin C. Pierce and
                      Arthur Azevedo de Amorim and
                      Chris Casinghino and
                      Marco Gaboardi and
                      Michael Greenberg and
                      Cătălin Hriţcu and
                      Vilhelm Sjöberg and
                      Brent Yorgey},
    editor       =   {Benjamin C. Pierce},
    title        =   "Logical Foundations",
    series       =   "Software Foundations",
    volume       =   "1",
    year         =   "2023",
    publisher    =   "Electronic textbook",
    note         =   {Version 6.5, \URL{http://softwarefoundations.cis.upenn.edu}}
}
@Book{plfa22.08,
    author = {Philip Wadler and Wen Kokke and Jeremy G. Siek},
    title  = {Programming Language Foundations in {A}gda},
    year   = {2022},
    month  = aug,
    url    = {https://plfa.inf.ed.ac.uk/22.08/},
}
