@INPROCEEDINGS{singleTypes,
    title = {Type theory in type theory using single substitutions},
    author = {Ambrus Kaposi and Szumi Xie},
    year = {2024},
    booktitle = {30th International Conference on Types for Proofs and Programs (TYPES 2024)},
    editor = {Patrick Bahr and Rasmus Ejlers MÃ¸gelberg},
    publisher = {Copenhagen},
    comment = {Abstract},
    url = {https://types2024.itu.dk/abstracts.pdf#page=80}
}
@Unpublished{coquandEhrhard,
    author = {Thierry Coquand},
    title = {Generalised algebraic presentation of type theory},
    note = {\url{https://www.cse.chalmers.se/~coquand/cwf2.pdf}},
    year = 2020}
