>@inproceedings{DBLP:conf/lics/BernardyM12,
  author       = {Jean{-}Philippe Bernardy and
                  Guilhem Moulin},
  title        = {A Computational Interpretation of Parametricity},
  booktitle    = {Proceedings of the 27th Annual {IEEE} Symposium on Logic in Computer
                  Science, {LICS} 2012, Dubrovnik, Croatia, June 25-28, 2012},
  pages        = {135--144},
  publisher    = {{IEEE} Computer Society},
  year         = {2012},
  doi          = {10.1109/LICS.2012.25},
  timestamp    = {Fri, 24 Mar 2023 00:01:50 +0100},
  biburl       = {https://dblp.org/rec/conf/lics/BernardyM12.bib},
  bibsource    = {dblp computer science bibliography, https://dblp.org}
}
@inproceedings{DBLP:conf/icfp/BernardyM13,
  author       = {Jean{-}Philippe Bernardy and
                  Guilhem Moulin},
  editor       = {Greg Morrisett and
                  Tarmo Uustalu},
  title        = {Type-theory in color},
  booktitle    = {{ACM} {SIGPLAN} International Conference on Functional Programming,
                  ICFP'13, Boston, MA, {USA} - September 25 - 27, 2013},
  pages        = {61--72},
  publisher    = {{ACM}},
  year         = {2013},
  doi          = {10.1145/2500365.2500577},
  timestamp    = {Thu, 24 Jun 2021 16:19:30 +0200},
  biburl       = {https://dblp.org/rec/conf/icfp/BernardyM13.bib},
  bibsource    = {dblp computer science bibliography, https://dblp.org}
}
@inproceedings{DBLP:journals/entcs/BernardyCM15,
  author       = {Jean{-}Philippe Bernardy and
                  Thierry Coquand and
                  Guilhem Moulin},
  editor       = {Dan R. Ghica},
  title        = {A Presheaf Model of Parametric Type Theory},
  booktitle    = {The 31st Conference on the Mathematical Foundations of Programming
                  Semantics, {MFPS} 2015, Nijmegen, The Netherlands, June 22-25, 2015},
  series       = {Electronic Notes in Theoretical Computer Science},
  volume       = {319},
  pages        = {67--82},
  publisher    = {Elsevier},
  year         = {2015},
  doi          = {10.1016/J.ENTCS.2015.12.006},
  timestamp    = {Tue, 16 Aug 2022 23:07:14 +0200},
  biburl       = {https://dblp.org/rec/journals/entcs/BernardyCM15.bib},
  bibsource    = {dblp computer science bibliography, https://dblp.org}
}
@article{DBLP:journals/lmcs/CavalloH21,
  author       = {Evan Cavallo and
                  Robert Harper},
  title        = {Internal Parametricity for Cubical Type Theory},
  journal      = {Log. Methods Comput. Sci.},
  volume       = {17},
  number       = {4},
  year         = {2021},
  doi          = {10.46298/LMCS-17(4:5)2021},
  timestamp    = {Mon, 26 Jun 2023 20:57:27 +0200},
  biburl       = {https://dblp.org/rec/journals/lmcs/CavalloH21.bib},
  bibsource    = {dblp computer science bibliography, https://dblp.org}
}
@inproceedings{DBLP:conf/fscd/BocquetKS23,
  author       = {Rafa{\"{e}}l Bocquet and
                  Ambrus Kaposi and
                  Christian Sattler},
  editor       = {Marco Gaboardi and
                  Femke van Raamsdonk},
  title        = {For the Metatheory of Type Theory, Internal Sconing Is Enough},
  booktitle    = {8th International Conference on Formal Structures for Computation
                  and Deduction, {FSCD} 2023, July 3-6, 2023, Rome, Italy},
  series       = {LIPIcs},
  volume       = {260},
  pages        = {18:1--18:23},
  publisher    = {Schloss Dagstuhl - Leibniz-Zentrum f{\"{u}}r Informatik},
  year         = {2023},
  doi          = {10.4230/LIPICS.FSCD.2023.18},
  timestamp    = {Fri, 30 Jun 2023 14:55:52 +0200},
  biburl       = {https://dblp.org/rec/conf/fscd/BocquetKS23.bib},
  bibsource    = {dblp computer science bibliography, https://dblp.org}
}
@inproceedings{DBLP:conf/fscd/Uemura23,
  author       = {Taichi Uemura},
  editor       = {Marco Gaboardi and
                  Femke van Raamsdonk},
  title        = {Homotopy Type Theory as Internal Languages of Diagrams of {\(\infty\)}-Logoses},
  booktitle    = {8th International Conference on Formal Structures for Computation
                  and Deduction, {FSCD} 2023, July 3-6, 2023, Rome, Italy},
  series       = {LIPIcs},
  volume       = {260},
  pages        = {5:1--5:19},
  publisher    = {Schloss Dagstuhl - Leibniz-Zentrum f{\"{u}}r Informatik},
  year         = {2023},
  doi          = {10.4230/LIPICS.FSCD.2023.5},
  timestamp    = {Sat, 30 Sep 2023 09:41:31 +0200},
  biburl       = {https://dblp.org/rec/conf/fscd/Uemura23.bib},
  bibsource    = {dblp computer science bibliography, https://dblp.org}
}
@Misc{sogat,
    Author = {Ambrus Kaposi and Szumi Xie},
    note = {Draft paper. Available: \url{https://akaposi.github.io/sogat.pdf}},
    Title = {Second-order generalised algebraic theories: signatures and first-order semantics},
    Year = 2024}
@article{DBLP:journals/pacmpl/AltenkirchCKS24,
  author       = {Thorsten Altenkirch and
                  Yorgo Chamoun and
                  Ambrus Kaposi and
                  Michael Shulman},
  title        = {Internal Parametricity, without an Interval},
  journal      = {Proc. {ACM} Program. Lang.},
  volume       = {8},
  number       = {{POPL}},
  pages        = {2340--2369},
  year         = {2024},
  url          = {https://doi.org/10.1145/3632920},
  doi          = {10.1145/3632920},
  timestamp    = {Sat, 10 Feb 2024 18:05:27 +0100},
  biburl       = {https://dblp.org/rec/journals/pacmpl/AltenkirchCKS24.bib},
  bibsource    = {dblp computer science bibliography, https://dblp.org}
}
@article{DBLP:journals/corr/abs-1904-00827,
  author       = {Simon Castellan and
                  Pierre Clairambault and
                  Peter Dybjer},
  title        = {Categories with Families: Unityped, Simply Typed, and Dependently
                  Typed},
  journal      = {CoRR},
  volume       = {abs/1904.00827},
  year         = {2019},
  url          = {http://arxiv.org/abs/1904.00827},
  eprinttype    = {arXiv},
  eprint       = {1904.00827},
  timestamp    = {Wed, 24 Apr 2019 12:21:25 +0200},
  biburl       = {https://dblp.org/rec/journals/corr/abs-1904-00827.bib},
  bibsource    = {dblp computer science bibliography, https://dblp.org}
}
@inproceedings{DBLP:conf/fscd/AltenkirchKSV23,
  author       = {Thorsten Altenkirch and
                  Ambrus Kaposi and
                  Artjoms Sinkarovs and
                  Tam{\'{a}}s V{\'{e}}gh},
  editor       = {Marco Gaboardi and
                  Femke van Raamsdonk},
  title        = {Combinatory Logic and Lambda Calculus Are Equal, Algebraically},
  booktitle    = {8th International Conference on Formal Structures for Computation
                  and Deduction, {FSCD} 2023, July 3-6, 2023, Rome, Italy},
  series       = {LIPIcs},
  volume       = {260},
  pages        = {24:1--24:19},
  publisher    = {Schloss Dagstuhl - Leibniz-Zentrum f{\"{u}}r Informatik},
  year         = {2023},
  url          = {https://doi.org/10.4230/LIPIcs.FSCD.2023.24},
  doi          = {10.4230/LIPICS.FSCD.2023.24},
  timestamp    = {Fri, 30 Jun 2023 14:55:52 +0200},
  biburl       = {https://dblp.org/rec/conf/fscd/AltenkirchKSV23.bib},
  bibsource    = {dblp computer science bibliography, https://dblp.org}
}
@article{AHRENS_EMMENEGGER_NORTH_RIJKE_2023,
title={B-SYSTEMS AND {C}-SYSTEMS ARE EQUIVALENT}, DOI={10.1017/jsl.2023.41}, journal={The Journal of Symbolic Logic}, author={Ahrens, Benedikt and Emmenegger, Jacopo and North, Paige Randall and Rijke, Egbert}, year={2023}, pages={1â€“9}}

